% This file was created with JabRef 2.7b.
% Encoding: UTF-8

@ELECTRONIC{openEMS,
  author = {Thorsten Liebig},
  title = {openEMS - Website},
  url = {http://openEMS.de},
  owner = {thorsten},
  timestamp = {2012.06.04}
}

@comment{jabref-meta: selector_publisher:}

@comment{jabref-meta: selector_author:}

@comment{jabref-meta: selector_journal:}

@comment{jabref-meta: selector_keywords:}

